%YAML 1.1
%TAG !u! tag:unity3d.com,2011:
--- !u!1001 &100100000
Prefab:
  m_ObjectHideFlags: 1
  serializedVersion: 2
  m_Modification:
    m_TransformParent: {fileID: 0}
    m_Modifications: []
    m_RemovedComponents: []
  m_SourcePrefab: {fileID: 0}
  m_RootGameObject: {fileID: 1494087307873422}
  m_IsPrefabAsset: 1
--- !u!1 &1161650180321598
GameObject:
  m_ObjectHideFlags: 0
  m_CorrespondingSourceObject: {fileID: 0}
  m_PrefabInternal: {fileID: 100100000}
  serializedVersion: 6
  m_Component:
  - component: {fileID: 4059754521845284}
  - component: {fileID: 114288478259449178}
  m_Layer: 0
  m_Name: Music_Ambient
  m_TagString: Untagged
  m_Icon: {fileID: 0}
  m_NavMeshLayer: 0
  m_StaticEditorFlags: 0
  m_IsActive: 1
--- !u!1 &1494087307873422
GameObject:
  m_ObjectHideFlags: 0
  m_CorrespondingSourceObject: {fileID: 0}
  m_PrefabInternal: {fileID: 100100000}
  serializedVersion: 6
  m_Component:
  - component: {fileID: 4607288084858916}
  m_Layer: 0
  m_Name: Ambient
  m_TagString: Untagged
  m_Icon: {fileID: 0}
  m_NavMeshLayer: 0
  m_StaticEditorFlags: 0
  m_IsActive: 1
--- !u!1 &1907568800096904
GameObject:
  m_ObjectHideFlags: 0
  m_CorrespondingSourceObject: {fileID: 0}
  m_PrefabInternal: {fileID: 100100000}
  serializedVersion: 6
  m_Component:
  - component: {fileID: 4304732884244686}
  - component: {fileID: 114192533648639278}
  m_Layer: 0
  m_Name: Crowd_Ambient
  m_TagString: Untagged
  m_Icon: {fileID: 0}
  m_NavMeshLayer: 0
  m_StaticEditorFlags: 0
  m_IsActive: 1
--- !u!4 &4059754521845284
Transform:
  m_ObjectHideFlags: 1
  m_CorrespondingSourceObject: {fileID: 0}
  m_PrefabInternal: {fileID: 100100000}
  m_GameObject: {fileID: 1161650180321598}
  m_LocalRotation: {x: -0, y: -0, z: -0, w: 1}
  m_LocalPosition: {x: 0, y: 0, z: 0}
  m_LocalScale: {x: 1, y: 1, z: 1}
  m_Children: []
  m_Father: {fileID: 4607288084858916}
  m_RootOrder: 0
  m_LocalEulerAnglesHint: {x: 0, y: 0, z: 0}
--- !u!4 &4304732884244686
Transform:
  m_ObjectHideFlags: 1
  m_CorrespondingSourceObject: {fileID: 0}
  m_PrefabInternal: {fileID: 100100000}
  m_GameObject: {fileID: 1907568800096904}
  m_LocalRotation: {x: 0, y: 0, z: 0, w: 1}
  m_LocalPosition: {x: 0, y: 0, z: 0}
  m_LocalScale: {x: 1, y: 1, z: 1}
  m_Children: []
  m_Father: {fileID: 4607288084858916}
  m_RootOrder: 1
  m_LocalEulerAnglesHint: {x: 0, y: 0, z: 0}
--- !u!4 &4607288084858916
Transform:
  m_ObjectHideFlags: 1
  m_CorrespondingSourceObject: {fileID: 0}
  m_PrefabInternal: {fileID: 100100000}
  m_GameObject: {fileID: 1494087307873422}
  m_LocalRotation: {x: 0, y: 0, z: 0, w: 1}
  m_LocalPosition: {x: 0, y: 0, z: 0}
  m_LocalScale: {x: 1, y: 1, z: 1}
  m_Children:
  - {fileID: 4059754521845284}
  - {fileID: 4304732884244686}
  m_Father: {fileID: 0}
  m_RootOrder: 0
  m_LocalEulerAnglesHint: {x: 0, y: 0, z: 0}
--- !u!114 &114192533648639278
MonoBehaviour:
  m_ObjectHideFlags: 1
  m_CorrespondingSourceObject: {fileID: 0}
  m_PrefabInternal: {fileID: 100100000}
  m_GameObject: {fileID: 1907568800096904}
  m_Enabled: 1
  m_EditorHideFlags: 0
  m_Script: {fileID: 11500000, guid: 008013e1f7d243c44a6c8b758bbd1268, type: 3}
  m_Name: 
  m_EditorClassIdentifier: 
  MinStartDelay: 0
  MaxStartDelay: 0
  MinLoopDelay: 0
  MaxLoopDelay: 0
  DopplerLevel3D: 0
  Spread3D: 0
  MaxVolumeDistance: 0
  MaxDistance3D: 0
  ClipVolume: 0.1
  ItemEvent:
    m_PersistentCalls:
      m_Calls: []
    m_TypeName: UnityEngine.Events.UnityEvent, UnityEngine.CoreModule, Version=0.0.0.0,
      Culture=neutral, PublicKeyToken=null
  TriggerEventEnter:
    m_PersistentCalls:
      m_Calls: []
    m_TypeName: UnityEngine.Events.UnityEvent, UnityEngine.CoreModule, Version=0.0.0.0,
      Culture=neutral, PublicKeyToken=null
  TriggerEventStay:
    m_PersistentCalls:
      m_Calls: []
    m_TypeName: UnityEngine.Events.UnityEvent, UnityEngine.CoreModule, Version=0.0.0.0,
      Culture=neutral, PublicKeyToken=null
  TriggerEventExit:
    m_PersistentCalls:
      m_Calls: []
    m_TypeName: UnityEngine.Events.UnityEvent, UnityEngine.CoreModule, Version=0.0.0.0,
      Culture=neutral, PublicKeyToken=null
  CollisionEventEnter:
    m_PersistentCalls:
      m_Calls: []
    m_TypeName: UnityEngine.Events.UnityEvent, UnityEngine.CoreModule, Version=0.0.0.0,
      Culture=neutral, PublicKeyToken=null
  CollisionEventStay:
    m_PersistentCalls:
      m_Calls: []
    m_TypeName: UnityEngine.Events.UnityEvent, UnityEngine.CoreModule, Version=0.0.0.0,
      Culture=neutral, PublicKeyToken=null
  CollisionEventExit:
    m_PersistentCalls:
      m_Calls: []
    m_TypeName: UnityEngine.Events.UnityEvent, UnityEngine.CoreModule, Version=0.0.0.0,
      Culture=neutral, PublicKeyToken=null
  AmbientEvent:
    m_PersistentCalls:
      m_Calls: []
    m_TypeName: UnityEngine.Events.UnityEvent, UnityEngine.CoreModule, Version=0.0.0.0,
      Culture=neutral, PublicKeyToken=null
  Has3DEffects: 0
  IsPlaying: 0
  HasStartDelay: 0
  IsPlayedOnStart: 1
  ShowExtras: 1
  IsLoop: 0
  changeVolume: 1
  IsCustomLooping: 1
  HasEvents: 0
  IsAmbientEvent: 0
  IsTriggerEventEnter: 0
  IsTriggerEventStay: 0
  IsTriggerEventExit: 0
  IsCollisionEventEnter: 0
  IsCollisionEventStay: 0
  IsCollisionEventExit: 0
  Clips:
  - {fileID: 8300000, guid: 27a192fb6df53da489f391bc6702403b, type: 3}
  - {fileID: 8300000, guid: f3f0026094901174c8b469d5999a017b, type: 3}
--- !u!114 &114288478259449178
MonoBehaviour:
  m_ObjectHideFlags: 1
  m_CorrespondingSourceObject: {fileID: 0}
  m_PrefabInternal: {fileID: 100100000}
  m_GameObject: {fileID: 1161650180321598}
  m_Enabled: 1
  m_EditorHideFlags: 0
  m_Script: {fileID: 11500000, guid: 008013e1f7d243c44a6c8b758bbd1268, type: 3}
  m_Name: 
  m_EditorClassIdentifier: 
  MinStartDelay: 0
  MaxStartDelay: 0
  MinLoopDelay: 0
  MaxLoopDelay: 0
  DopplerLevel3D: 0
  Spread3D: 0
  MaxVolumeDistance: 0
  MaxDistance3D: 0
  ClipVolume: 0.75
  ItemEvent:
    m_PersistentCalls:
      m_Calls: []
    m_TypeName: UnityEngine.Events.UnityEvent, UnityEngine.CoreModule, Version=0.0.0.0,
      Culture=neutral, PublicKeyToken=null
  TriggerEventEnter:
    m_PersistentCalls:
      m_Calls: []
    m_TypeName: UnityEngine.Events.UnityEvent, UnityEngine.CoreModule, Version=0.0.0.0,
      Culture=neutral, PublicKeyToken=null
  TriggerEventStay:
    m_PersistentCalls:
      m_Calls: []
    m_TypeName: UnityEngine.Events.UnityEvent, UnityEngine.CoreModule, Version=0.0.0.0,
      Culture=neutral, PublicKeyToken=null
  TriggerEventExit:
    m_PersistentCalls:
      m_Calls: []
    m_TypeName: UnityEngine.Events.UnityEvent, UnityEngine.CoreModule, Version=0.0.0.0,
      Culture=neutral, PublicKeyToken=null
  CollisionEventEnter:
    m_PersistentCalls:
      m_Calls: []
    m_TypeName: UnityEngine.Events.UnityEvent, UnityEngine.CoreModule, Version=0.0.0.0,
      Culture=neutral, PublicKeyToken=null
  CollisionEventStay:
    m_PersistentCalls:
      m_Calls: []
    m_TypeName: UnityEngine.Events.UnityEvent, UnityEngine.CoreModule, Version=0.0.0.0,
      Culture=neutral, PublicKeyToken=null
  CollisionEventExit:
    m_PersistentCalls:
      m_Calls: []
    m_TypeName: UnityEngine.Events.UnityEvent, UnityEngine.CoreModule, Version=0.0.0.0,
      Culture=neutral, PublicKeyToken=null
  AmbientEvent:
    m_PersistentCalls:
      m_Calls: []
    m_TypeName: UnityEngine.Events.UnityEvent, UnityEngine.CoreModule, Version=0.0.0.0,
      Culture=neutral, PublicKeyToken=null
  Has3DEffects: 0
  IsPlaying: 0
  HasStartDelay: 0
  IsPlayedOnStart: 1
  ShowExtras: 1
  IsLoop: 0
  changeVolume: 1
  IsCustomLooping: 1
  HasEvents: 0
  IsAmbientEvent: 0
  IsTriggerEventEnter: 0
  IsTriggerEventStay: 0
  IsTriggerEventExit: 0
  IsCollisionEventEnter: 0
  IsCollisionEventStay: 0
  IsCollisionEventExit: 0
  Clips:
  - {fileID: 8300000, guid: 5a672580cd732654288f128b217945c4, type: 3}
  - {fileID: 8300000, guid: 0fdab9b435f96574cba79af188634ce2, type: 3}
  - {fileID: 8300000, guid: 60aca4dc2e88edf4894c12207e3e69de, type: 3}
  - {fileID: 8300000, guid: 59452505c5e6a5243a520ea2d874e3e5, type: 3}
  - {fileID: 8300000, guid: 3ef24434b98361542abbffa028af0b1d, type: 3}
  - {fileID: 8300000, guid: 60edd2f1257d56a4c8401489a5129984, type: 3}
